@article{Ansori,
  title   = {Pembuatan Multiplayer Game Ucing Beling Menggunakan Asset Store Mirror},
  author  = {Pratama, Ryan Nanda and Ansori, Anton Siswo Raharjo and Dinimaharawati, Ashri},
  journal = {eProceedings of Engineering},
  volume  = {8},
  number  = {5},
  year    = {2021}
}

@article{fps,
  title   = {Pengembangan Teknologi Game Indonesia Untuk Permainan First Person Shooter (Fps) 3d Multiplayer “Code To Shoot” Menggunakan Unity Network (Unet) Berbasis Mobile},
  author  = {Ramadhan, Ibnu and Purwanto, Agung and others},
  journal = {Jurnal Teknologi Informasi Universitas Lambung Mangkurat (JTIULM)},
  volume  = {5},
  number  = {2},
  pages   = {39--48},
  year    = {2020}
}

@phdthesis{Gebug,
  title  = {Pengembangan Game Multiplayer Pengenalan Budaya Gebug Ende Seraya Karangasem Berbasis Android},
  author = {Suartama, I},
  year   = {2020},
  school = {Universitas Pendidikan Ganesha}
}

@phdthesis{gogreen,
  title  = {Pembangunan Game Multiplayer Edukasi Go Green 3D Berbasis Android},
  author = {Fathurrohman, Muhammad Faisal},
  year   = {2018},
  school = {Universitas Komputer Indonesia}
}

@misc{pun,
  howpublished = {\url{https://doc-api.photonengine.com/en/pun/v2/}},
  author       = {Unity},
  title        = {Photon Unity Networking 2},
  month        = {Maret},
  year         = {2023},
  note         = {Accessed on 2023-03-03}
}

@article{qos,
  title   = {ANALISIS QUALITY OF SERVICE (QoS) PADA JARINGAN INDIHOME KOTA KETAPANG},
  author  = {Imansyah, Fitri and Kusumawardhani, Eka and Yacoub, Redi Ratiandi and others},
  journal = {Jurnal Teknik Elektro Universitas Tanjungpura},
  volume  = {2},
  number  = {1},
  year    = {2022}
}

@article{Sarwodi,
  title   = {Penerapan Multiplayer Pada Gim Tower Defense Menggunakan Photon Unity},
  author  = {Sarwodi, Shena Star and Wardhono, Wibisono Sukmo and Akbar, Muhammad Aminul},
  journal = {Jurnal Pengembangan Teknologi Informasi dan Ilmu Komputer e-ISSN},
  volume  = {2548},
  pages   = {964X},
  year    = {2020}
}

@article{wireshark,
  title   = {Analisis dan Penyadapan Transmisi Paket Data Jaringan Komputer Menggunakan Wireshark},
  author  = {Irawan, Dedi},
  journal = {MIKROTIK: Jurnal Manajemen Informatika},
  volume  = {7},
  number  = {1},
  year    = {2017}
}
